@misc{wiki:A0SYS,
 author = {Wikipédia},
 title = {A-0 System --- Wikipédia{,} l'encyclopédie libre},
 rights = {Creative Commons Attribution-{ShareAlike} License},
 url = {http://fr.wikipedia.org/wiki/A-0_System},
 abstract = {A-0 System est le premier compilateur développé pour
 un ordinateur[1]. Il a été écrit par Grace Hopper en
 1951 et 1952 pour {l'UNIVAC} I (celle-ci fut plus
 tard à l'origine de {COBOL).}},
 urldate = {2014-02-14},
 langid = {french},
 keywords = {{A0SYSTEM\_WIKI}},
}

@misc{wiki:AMD_ATHLON64,
 author = {Wikipédia},
 title = {Athlon 64 --- Wikipédia{,} l'encyclopédie libre},
 rights = {Creative Commons Attribution-{ShareAlike} License},
 url = {http://fr.wikipedia.org/wiki/Athlon_64},
 abstract = {{L'Athlon} 64 est un microprocesseur lancé en
 septembre 2003 par {AMD} et basé sur l'architecture
 K8 (comme les Sempron s754, les Sempron {64,Athlon}
 {FX}, Athlon X2 et Opteron).},
 urldate = {2014-02-14},
 langid = {french},
}

@misc{wiki:ARP,
 author = {Wikipédia},
 title = {Address Resolution Protocol --- Wikipédia{,} l'encyclopédie libre},
 rights = {Creative Commons Attribution-{ShareAlike} License},
 url = {http://fr.wikipedia.org/wiki/Address_Resolution_Protocol},
 abstract = {{L’Address} resolution protocol ({ARP}, protocole de
 résolution d’adresse) est un protocole effectuant la
 traduction d’une adresse de protocole de couche
 réseau (typiquement une adresse {IPv4)} en une
 adresse {MAC} (typiquement une adresse ethernet), ou
 même de tout matériel de couche de liaison. Il se
 situe à l’interface entre la couche réseau (couche 3
 du modèle {OSI)} et la couche de liaison (couche 2
 du modèle {OSI).}},
 urldate = {2014-02-14},
 langid = {french},
}

@online{wikibooks:x86ASM,
	title = {x86 Assembly},
	url = {https://en.wikibooks.org/wiki/X86_Assembly},
	urldate = {2019-09-19}
}

@online{wikibooks:x86GAS,
	title = {X86 Assembly/{GAS} Syntax},
	url = {https://en.wikibooks.org/wiki/X86_Assembly/GAS_Syntax},
	abstract = {Chapitre du livre précisant la syntaxe {GAS} du langae d'assemblage},
	titleaddon = {{WikiBooks}},
	urldate = {2019-09-19},
	langid = {english}
}

@online{ASM_SF_NET,
 title = {User guide to the {GNU} assembler {AS} version 2.32},
 url = {https://sourceware.org/binutils/docs-2.32/as/index.html},
 author = {team, The {GNU} assembler {AS}},
 urldate = {2019-09-19},
}

@misc{wiki:ASN1,
 author = {Wikipédia},
 title = {{ASN.1} --- Wikipédia{,} l'encyclopédie libre},
 url = {https://fr.wikipedia.org/wiki/wiki/ASN.1},
 urldate = {2014-06-23},
}

@misc{wiki:BIBLIOTHEQUE_LOGICIELLE,
 author = {Wikipédia},
 title = {Bibliothèque logicielle --- Wikipédia{,} l'encyclopédie libre},
 rights = {Creative Commons Attribution-{ShareAlike} License},
 url = {http://fr.wikipedia.org/wiki/Biblioth%C3%A8que_logicielle},
 abstract = {En informatique, une bibliothèque logicielle est une
 collection de fonctions, compilée et prête à être
 utilisée par des programmes[1],[2]. Les
 bibliothèques sont enregistrées dans des fichiers
 semblables, voire identique aux fichiers de
 programmes[3], sous la forme d'une collection de
 fichiers de code objet rassemblés[2] accompagnée
 d'un index permettant de retrouver facilement chaque
 fonction[3].},
 urldate = {2014-02-14},
 langid = {french},
}

@book{BRUCE_SCHNEIER_APPLIED_CRYPTO,
 location = {New York},
 edition = {2nd ed},
 title = {Applied cryptography: protocols, algorithms, and
 source code in C},
 isbn = 0471128457,
 pagetotal = 758,
 publisher = {Wiley},
 author = {Schneier, Bruce},
 date = 1996,
 keywords = {Computer security, Cryptography, Security measures,
 Telecommunication},
}

@misc{wiki:BUG_TRACKING,
 author = {Wikipédia},
 title = {Logiciel de suivi de problèmes --- Wikipédia{,} l'encyclopédie libre},
 rights = {Creative Commons Attribution-{ShareAlike} License},
 url = {http://fr.wikipedia.org/wiki/Logiciel_de_suivi_de_probl%C3%A8mes},
 abstract = {Un logiciel de suivi de problèmes ou système de
 suivi de problèmes (de l'anglais issue tracking
 system) est un logiciel qui permet d'aider les
 utilisateurs et les développeurs à améliorer la
 qualité d'un logiciel. Les utilisateurs soumettent
 leurs demandes d'assistance dans le logiciel. Les
 développeurs sont alors toujours au fait des
 problèmes rencontrés.},
 urldate = {2014-02-14},
 langid = {french},
}

@online{CACERT,
 title = {{CAcert}, free digital certificates for everyone},
 url = {http://www.cacert.org},
 author = {{CAcert.org}},
}

@online{CERTA_GOUV,
 title = {Centre {d'Expertise} Gouvernemental de Réponse et de
 Traitement des Attaques informatiques},
 url = {http://www.certa.ssi.gouv.fr/},
 author = {{CERTA}},
 keywords = {enseignement, monitoring, sécurité, surveillance,
 veille},
}

@online{CHEAT_SHEETS,
 title = {Cheat Sheet : All Cheat Sheets in one page},
 url = {http://www.cheat-sheets.org/},
 urldate = {2012-06-14},
 keywords = {cheat-sheets, development, enseignement},
}

@online{CLUSIF,
 title = {{CLUSIF}},
 url = {http://www.clusif.asso.fr/},
 urldate = {2014-02-14},
}

@book{CLUSIF_RAPPORT_2008,
 title = {Menaces informatiques et pratiques de sécurité en
 France},
 abstract = {A travers cette édition 2008 de son enquête sur les
 menaces informatiques et les pratiques de sécurité,
 le {CLUSIF} réalise de nouveau un bilan approfondi
 de la sécurité de l'information en France. Cette
 enquête se veut être une référence de par la taille
 et la représentativité des échantillons
 d'entreprises et de collectivités locales
 interrogés. Elle se veut par ailleurs très complète
 puisqu'elle passe en revue un large panel de thèmes
 relatifs à la sécurité des systèmes d'information.},
 author = {{CLUSIF}},
 date = 2008,
}

@misc{wiki:CODE_OBJET,
 author = {Wikipédia},
 title = {Fichier objet --- Wikipédia{,} l'encyclopédie libre},
 rights = {Creative Commons Attribution-{ShareAlike} License},
 url = {http://fr.wikipedia.org/wiki/Fichier_objet},
 abstract = {En informatique (développement), un fichier objet
 est un fichier intermédiaire intervenant dans le
 processus de compilation.},
 urldate = {2014-02-14},
 langid = {french},
}

@misc{wiki:CODE_SOURCE,
 author = {Wikipédia},
 title = {Code source --- Wikipédia{,} l'encyclopédie libre},
 rights = {Creative Commons Attribution-{ShareAlike} License},
 url = {http://fr.wikipedia.org/wiki/Code_source},
 abstract = {Le code source est un texte qui représente les
 instructions qui doivent être exécutées par un
 microprocesseur. Le code source se matérialise
 souvent sous la forme d'un ensemble de fichiers
 textes. Le code source est généralement écrit dans
 un langage de programmation permettant ainsi une
 meilleure compréhension par des humains. Une fois le
 code source écrit, il permet de générer une
 représentation binaire d'une séquence d'instructions
 — code binaire — exécutables par un
 microprocesseur.},
 urldate = {2014-02-14},
 langid = {french},
}

@misc{wiki:COMPILATEUR,
 author = {Wikipédia},
 title = {Compilateur --- Wikipédia{,} l'encyclopédie libre},
 rights = {Creative Commons Attribution-{ShareAlike} License},
 url = {http://fr.wikipedia.org/wiki/Compilateur},
 abstract = {Un compilateur est un programme informatique qui
 transforme un code source écrit dans un langage de
 programmation (le langage source) en un autre
 langage informatique (le langage cible).},
 urldate = {2014-02-14},
 langid = {french},
}

@online{CUTEFLOW,
 title = {{CuteFlow} - Open Source document
 circulation/workflow system},
 url = {http://cuteflow.org/index.html},
 urldate = {2009-10-21},
 keywords = {collaboration, document, edi, enseignement,
 management, opensource, php, workflow},
}

@book{ClaveauIndexation,
 title = {Indexation multimedia, description et recherche
 automatiques},
 publisher = {Lavoisier - Hermès Science Publications},
 author = {{CLAVEAU}, Vincent and {MOREAU}, Fabienne and
 {SÉBILLOT}, Pascale},
 editor = {{GROS}, P.},
 date = 2007,
}

@online{DEBIAN_WOMEN,
 title = {Debian Women - The People Involved},
 url = {http://women.alioth.debian.org/profiles/},
 urldate = {2006-05-01},
 keywords = {debian, focus, gnu/linux},
}

@online{DEF_CON,
 title = {{DEF} {CON®} Hacking Conference - The Hacker
 Community's Foremost Social Network.},
 url = {https://www.defcon.org/},
 urldate = {2013-12-02},
 keywords = {enseignement, hack, hacking, security},
}

@misc{wiki:EDITION_LIENS,
 author = {Wikipédia},
 title = {Édition de liens --- Wikipédia{,} l'encyclopédie libre},
 rights = {Creative Commons Attribution-{ShareAlike} License},
 url = {http://fr.wikipedia.org/wiki/%C3%89dition_de_liens},
 abstract = {Lors d’un développement informatique, l’édition des
 liens est un processus qui permet de créer des
 fichiers exécutables ou des bibliothèques dynamiques
 ou statiques, à partir de fichiers objets.},
 urldate = {2014-02-14},
 langid = {french},
}

@misc{wiki:ELF,
 author = {Wikipédia},
 title = {Executable and Linkable Format --- Wikipédia{,} l'encyclopédie libre},
 rights = {Creative Commons Attribution-{ShareAlike} License},
 url = {http://fr.wikipedia.org/wiki/Executable_and_Linkable_Format},
 abstract = {{ELF} (Executable and Linkable Format, format
 exécutable et liable ; anciennement Executable and
 Linking Format) est un format de fichier binaire
 utilisé pour l'enregistrement de code compilé
 (objets, exécutables, bibliothèques de
 fonctions). Il a été développé par {l’USL} (Unix
 System Laboratories) pour remplacer les anciens
 formats a.out et {COFF} qui avaient atteint leurs
 limites. Aujourd'hui, ce format est utilisé dans la
 plupart des systèmes d'exploitation de type Unix
 ({GNU/Linux}, Solaris, {IRIX}, System V, {BSD)}, à
 l'exception de Mac {OS} X.},
 urldate = {2014-02-14},
 langid = {french},
}

@misc{wiki:ENTIER_NATUREL,
 author = {Wikipédia},
 title = {Entier naturel --- Wikipédia{,} l'encyclopédie libre},
 rights = {Creative Commons Attribution-{ShareAlike} License},
 url = {http://fr.wikipedia.org/wiki/Entier_naturel},
 abstract = {En mathématiques, un entier naturel est un nombre
 positif (pouvant donc être nul) permettant
 fondamentalement de dénombrer des objets comptant
 chacun pour un. Un tel nombre entier peut s'écrire
 avec une suite finie de chiffres en notation
 décimale positionnelle (sans signe et sans
 virgule).},
 urldate = {2014-02-14},
 langid = {french},
}

@misc{wiki:ENTIER_RELATIF,
 author = {Wikipédia},
 title = {Entier relatif --- Wikipédia{,} l'encyclopédie libre},
 rights = {Creative Commons Attribution-{ShareAlike} License},
 url = {http://fr.wikipedia.org/wiki/Entier_relatif},
 abstract = {En mathématiques, un entier relatif est un nombre
 qui se présente comme un entier naturel muni d'un
 signe positif ou négatif indiquant sa position[1]
 par rapport à zéro sur un axe orienté. Les entiers
 positifs (supérieurs à zéro) s'identifient aux
 entiers naturels : 0, 1, 2, 3… tandis que les
 entiers négatifs sont leurs opposés : 0, −1, −2, −3…
 L'entier zéro lui-même est donc le seul nombre à la
 fois positif et négatif[2].},
 urldate = {2014-02-14},
 langid = {french},
}

@online{FIAM,
 title = {Fédération Internationale des Associations de
 Multimedia},
 url = {http://www.fiam.org/},
 author = {{FIAM}},
 date = {2014-02-14},
}

@misc{wiki:FICHIER_BINAIRE,
 author = {Wikipédia},
 title = {Fichier binaire --- Wikipédia{,} l'encyclopédie libre},
 rights = {Creative Commons Attribution-{ShareAlike} License},
 url = {http://fr.wikipedia.org/wiki/Fichier_binaire},
 abstract = {En informatique, un fichier binaire est une
 expression pouvant faire référence, selon le
 contexte de son utilisation, à différents concepts
 connexes.},
 urldate = {2014-02-14},
 langid = {french},
}

@misc{wiki:FICHIER_EXECUTABLE,
 author = {Wikipédia},
 title = {Fichier exécutable --- Wikipédia{,} l'encyclopédie libre},
 rights = {Creative Commons Attribution-{ShareAlike} License},
 url = {http://fr.wikipedia.org/wiki/Fichier_ex%C3%A9cutable},
 abstract = {Un fichier exécutable est un fichier informatique
 contenant un programme et identifié par le système
 d'exploitation en tant que tel.},
 urldate = {2014-02-14},
 langid = {french},
}

@online{FSF,
 title = {The Free Software Foundation},
 url = {http://www.fsf.org/},
 author = {Free Software Foundation, Inc.},
 urldate = {2014-02-14},
}

@book{GESTION_PROJET_AGILE,
 edition = {Third},
 title = {Gestion de projet agile},
 publisher = {Eyrolles},
 author = {Rota, Véronique Messager},
 editor = {Eyrolles, Éditions},
 date = {2010-04},
}

@online{GIT,
 title = {Git},
 url = {http://git-scm.com/},
 urldate = {2014-09-03},
}

@online{GNU_PHILOSOPHY,
 title = {Philosophie du projet {GNU}},
 url = {http://www.gnu.org/philosophy/philosophy.fr.html},
 urldate = {2014-02-14},
}

@online{GPG_INTRO,
 title = {Introduction à {GnuPG}},
 url = {http://matrix.samizdat.net/crypto/gpg_intro/index.html},
 author = {{BERNABLE}, Loïc},
 urldate = {2014-02-14},
}

@misc{wiki:HEARTBLEED,
 author = {Wikipédia},
 title = {Heartbleed --- Wikipédia{,} l'encyclopédie libre},
 url = {http://fr.wikipedia.org/wiki/wiki/Heartbleed},
 urldate = {2014-06-23},
}

@online{HTTPD_DOC,
 title = {Documentation: Apache {HTTP} Server - The Apache
 {HTTP} Server Project},
 url = {http://httpd.apache.org/docs/},
 urldate = {2014-02-14},
}

@online{HTTPD_SSL_CONFIGURATION,
 title = {Apache et le Chiffrement {SSL/TLS} - Serveur Apache
 {HTTP} Version 2.4},
 url = {http://httpd.apache.org/docs/current/ssl/},
 urldate = {2014-06-23},
}

@misc{wiki:IBM_CELL_64,
 author = {Wikipédia},
 title = {Cell (processeur) --- Wikipédia{,} l'encyclopédie libre},
 rights = {Creative Commons Attribution-{ShareAlike} License},
 url = {http://fr.wikipedia.org/wiki/Cell_(processeur)},
 abstract = {Le Cell est un processeur conçu conjointement par
 {IBM}, Sony et Toshiba, révélé en février 2005. Il
 équipe notamment la console de jeu vidéo
 {PlayStation} 3 de Sony. Il est envisagé de produire
 également des ordinateurs à base de Cell chez {IBM},
 Mercury Computer Systems et Toshiba (Qosmio F50/55
 et G50/55).},
 urldate = {2014-02-14},
 langid = {french},
}

@misc{wiki:IEEE754,
 author = {Wikipédia},
 title = {{IEEE} 754 --- Wikipédia{,} l'encyclopédie libre},
 rights = {Creative Commons Attribution-{ShareAlike} License},
 url = {http://fr.wikipedia.org/wiki/wiki/IEEE_754},
 abstract = {{L’IEEE} 754 est une norme pour la représentation
 des nombres à virgule flottante en binaire. Il est
 le plus employé actuellement pour le calcul des
 nombres à virgule flottante dans le domaine
 informatique, avec les {CPU} et les {FPU.} La norme
 définit les formats de représentation des nombres à
 virgule flottante (signe, mantisse, exposant,
 nombres dénormalisés) et valeurs spéciales (infinis
 et {NaN)}, en même temps qu’un ensemble d’opérations
 sur les nombres flottants. Il décrit aussi quatre
 modes d'arrondi et cinq exceptions (comprenant les
 conditions dans lesquelles une exception se produit,
 et ce qui se passe dans ce cas).},
 urldate = {2014-02-14},
 langid = {french},
}

@misc{wiki:INTEL_8080,
 author = {Wikipédia},
 title = {Intel 8080 --- Wikipédia{,} l'encyclopédie libre},
 rights = {Creative Commons Attribution-{ShareAlike} License},
 url = {http://fr.wikipedia.org/wiki/Intel_8080},
 abstract = {{L’Intel} 8080 est l'un des premiers
 microprocesseurs conçus et fabriqués par
 Intel. Présenté en avril 1974, ce processeur 8 bits
 qui fonctionnait à 2 {MHz}, est généralement
 considéré comme le premier microprocesseur
 véritablement utilisable dans une unité centrale.},
 urldate = {2014-02-14},
 langid = {french},
}

@misc{wiki:INTERPRETEUR,
 author = {Wikipédia},
 title = {Interprète (informatique) --- Wikipédia{,} l'encyclopédie libre},
 rights = {Creative Commons Attribution-{ShareAlike} License},
 url = {http://fr.wikipedia.org/wiki/Interpr%C3%A8te_(informatique)},
 abstract = {En informatique, un interprète, ou interpréteur
 (voir infra), est un outil ayant pour tâche
 d'analyser, de traduire et d'exécuter les programmes
 écrits dans un langage informatique. On qualifie les
 langages dont les programmes sont généralement
 exécutés par un interpréteur de langages
 interprétés.},
 urldate = {2014-02-14},
 langid = {french},
}

@online{INTRO_SVN,
 title = {Introduction à Subversion},
 url = {http://dev.nozav.org/intro_svn.html},
 author = {{BARNIER}, Julien},
 urldate = {2014-02-14},
}

@misc{wiki:LANGAGE_ASSEMBLAGE,
 author = {Wikipédia},
 title = {Assembleur --- Wikipédia{,} l'encyclopédie libre},
 rights = {Creative Commons Attribution-{ShareAlike} License},
 url = {http://fr.wikipedia.org/wiki/Assembleur},
 abstract = {Un langage d'assemblage ou langage assembleur est,
 en programmation informatique, un langage de bas
 niveau qui représente le langage machine sous une
 forme lisible par un humain. Les combinaisons de
 bits du langage machine sont représentées par des
 symboles dits « mnémoniques » (du grec mnêmonikos,
 relatif à la mémoire), c'est-à-dire faciles à
 retenir. Le programme assembleur convertit ces
 mnémoniques en langage machine en vue de créer par
 exemple un fichier objet ou un fichier exécutable.},
 urldate = {2014-02-14},
 langid = {french},
}

@misc{wiki:LANGAGE_MACHINE,
 author = {Wikipédia},
 title = {Langage machine --- Wikipédia{,} l'encyclopédie libre},
 rights = {Creative Commons Attribution-{ShareAlike} License},
 url = {http://fr.wikipedia.org/wiki/Langage_machine},
 abstract = {Le langage machine, ou code machine, est la suite de
 bits qui est interprétée par le processeur d'un
 ordinateur exécutant un programme
 informatique. C'est le langage natif d'un
 processeur, c'est-à-dire le seul qu'il puisse
 traiter. Il est composé d'instructions et de données
 à traiter codées en binaire.},
 urldate = {2014-02-14},
 langid = {french},
}

@book{LINUX_INIT_USING,
 edition = {First},
 title = {{LINUX} : Initiation et utilisation},
 publisher = {Dunod},
 author = {Armspach, Jean-Paul and Colin, Pierre and
 Ostré-Waerzeggers, Frédérique},
 date = 2004,
}

@misc{wiki:Linux,
 author = {Wikipédia},
 title = {Linux --- Wikipédia{,} l'encyclopédie libre},
 url = {http://fr.wikipedia.org/wiki/Linux},
 urldate = {2018-11-18},
 rights = {Creative Commons Attribution-{ShareAlike} License},
 abstract = {Linux est le nom couramment donné à tout système
 d'exploitation libre fonctionnant avec le noyau
 Linux. C'est une implémentation libre du système
 {UNIX} respectant les spécifications {POSIX.} Ce
 système est né de la rencontre entre le mouvement du
 logiciel libre et le modèle de développement
 collaboratif et décentralisé via Internet. Son nom
 vient du créateur du noyau Linux, Linus Torvalds.},
 langid = {french},
}

@book{MASTERING_REGEXP,
 edition = {Third},
 title = {Mastering Regular Expression},
 publisher = {{O'Reilly}},
 author = {Friedl, Jeffrey E. F.},
 editor = {Oram, Andy},
 date = {2006-08},
}

@misc{wiki:MD5,
 author = {Wikipédia},
 title = {{MD5} --- Wikipédia{,} l'encyclopédie libre},
 rights = {Creative Commons Attribution-{ShareAlike} License},
 url = {http://fr.wikipedia.org/wiki/MD5},
 abstract = {L'algorithme {MD5}, pour Message Digest 5, est une
 fonction de hachage cryptographique qui permet
 d'obtenir l'empreinte numérique d'un fichier (on
 parle souvent de message). Il a été inventé par
 Ronald Rivest en 1991.},
 urldate = {2014-02-14},
 langid = {french},
}

@misc{wiki:MOIRE,
 author = {Wikipédia},
 title = {Moiré (effet de contraste) --- Wikipédia{,} l'encyclopédie libre},
 rights = {Creative Commons Attribution-{ShareAlike} License},
 url = {http://fr.wikipedia.org/wiki/Moir%C3%A9_(effet_de_contraste)},
 abstract = {Le moiré est un effet de contraste changeant avec la
 déformation d'un objet, indépendamment des effets
 d'ombre. Le nom vient du mot arabe mohair. On parle
 souvent du moiré d'une étoffe (par exemple de la
 soie). On peut obtenir un effet similaire en
 superposant deux voiles à maille régulière, ou bien
 lorsque l'on observe deux grillages l'un derrière
 l'autre, ou encore deux rambardes de pont, à une
 certaine distance.},
 urldate = {2014-02-14},
 langid = {french},
}

@misc{wiki:MOTOROLA_68060,
 author = {Wikipédia},
 title = {Motorola 68060 --- Wikipédia{,} l'encyclopédie libre},
 rights = {Creative Commons Attribution-{ShareAlike} License},
 url = {http://fr.wikipedia.org/wiki/Motorola_68060},
 abstract = {Le Motorola 68060 est un microprocesseur {CISC}, 32
 bits, superscalaire, de la famille m68k de Motorola,
 produit en 1994. Il succède au Motorola 68040. Le
 68060 est le processeur le plus puissant de la
 famille.},
 urldate = {2014-02-14},
 langid = {french},
}

@Online{NETFILTER_NETWORKING_CONCEPTS,
 url = {http://www.netfilter.org/documentation/HOWTO/fr/networking-concepts-HOWTO.html},
 urldate = {2014-09-20},
 title = {Guide Pratique des Concepts du Réseau sous Linux},
 author = {Rusty Russell},
}

@misc{wiki:NOMBRE_REEL,
 author = {Wikipédia},
 title = {Nombre réel --- Wikipédia{,} l'encyclopédie libre},
 rights = {Creative Commons Attribution-{ShareAlike} License},
 url = {http://fr.wikipedia.org/wiki/Nombre_r%C3%A9el},
 abstract = {En mathématiques, un nombre réel est un nombre qui
 peut être représenté par une partie entière et une
 liste finie ou infinie de décimales. Cette
 définition s'applique donc aux nombres rationnels,
 dont les décimales se répètent de façon périodique à
 partir d'un certain rang[note 1], mais aussi à
 d'autres nombres dits irrationnels, tels la racine
 carrée de 2, π et e.},
 urldate = {2014-02-14},
 langid = {french},
}

@thesis{Nehlig92,
 location = {Strasbourg},
 title = {Applications affines discrètes et antialiassage},
 institution = {{ULP}},
 type = {Thèse de Doctorat},
 author = {Nehlig, Ph},
 date = 1992,
}

@online{OPENCLASSROOMS-SCAPY,
 title = {Manipulez les paquets réseau avec Scapy},
 url = {http://fr.openclassrooms.com/informatique/cours/manipulez-les-paquets-reseau-avec-scapy},
 author = {{FireZero}},
 urldate = {2014-02-14},
}

@misc{wiki:OPENSOURCE,
 author = {Wikipédia},
 title = {Open source --- Wikipédia{,} l'encyclopédie libre},
 rights = {Creative Commons Attribution-{ShareAlike} License},
 url = {http://fr.wikipedia.org/wiki/Open_source},
 abstract = {La désignation open source, ou « code source ouvert
 », s'applique aux logiciels dont la licence respecte
 des critères précisément établis par {l'Open} Source
 Initiative, c'est-à-dire les possibilités de libre
 redistribution, d'accès au code source et de créer
 des travaux dérivés.},
 urldate = {2014-02-14},
 langid = {french},
}

@misc{wiki:OPENSSH,
 author = {Wikipédia},
 title = {{OpenSSH} --- Wikipédia{,} l'encyclopédie libre},
 rights = {Creative Commons Attribution-{ShareAlike} License},
 url = {http://fr.wikipedia.org/wiki/OpenSSH},
 abstract = {{OpenSSH} ({OpenBSD} Secure Shell) est un ensemble
 d'outils informatiques libres permettant des
 communications sécurisées sur un réseau informatique
 en utilisant le protocole {SSH.}},
 urldate = {2014-02-14},
 langid = {french},
}

@online{PHP_INI_DOC,
 title = {Directives du php.ini},
 url = {http://www.php.net/manual/fr/ini.php},
 author = {{PHP.net}},
 urldate = {2014-02-14},
}

@misc{wiki:PKCS,
 author = {Wikipédia},
 title = {Public Key Cryptographic Standards — Wikipédia --- Wikipédia{,} l'encyclopédie libre},
 url = {https://fr.wikipedia.org/wiki/wiki/PKCS},
 urldate = {2014-06-23},
}

@book{PRAX,
 location = {Paris},
 title = {La gestion électronique documentaire},
 publisher = {Dunod},
 author = {{PRAX}, Y.},
 date = 2001,
}

@misc{wiki:PREPROCESSEUR,
 author = {Wikipédia},
 title = {Préprocesseur --- Wikipédia{,} l'encyclopédie libre},
 rights = {Creative Commons Attribution-{ShareAlike} License},
 url = {http://fr.wikipedia.org/wiki/Pr%C3%A9processeur},
 abstract = {En informatique, un préprocesseur est un programme
 qui procède à des transformations sur un code
 source, avant l'étape de traduction proprement dite
 (compilation ou interprétation). Les préprocesseurs
 sont des exemples typiques de langages
 spécialisés. Selon le niveau de leur analyse du
 texte source, on distingue des préprocesseurs
 lexicaux et des préprocesseurs syntaxiques.},
 urldate = {2014-02-14},
 langid = {french},
}

@online{PROGRAM_ELF,
 title = {What is {ELF?} An introduction},
 url = {http://cs.mipt.ru/docs/comp/eng/os/linux/howto/howto_english/elf/elf-howto-1.html},
 author = {{BARLOW}, Daniel},
 urldate = {2014-02-14},
}

@online{PUREDATA,
 title = {Pure Data},
 url = {http://www.puredata.info},
 author = {{PureData}},
 urldate = {2014-02-14},
}

@misc{wiki:PUREDATA,
 author = {Wikipédia},
 title = {Pure Data --- Wikipédia{,} l'encyclopédie libre},
 rights = {Creative Commons Attribution-{ShareAlike} License},
 url = {http://fr.wikipedia.org/wiki/Pure_Data},
 abstract = {Pure Data (en abrégé pd) est un logiciel de
 programmation graphique pour la création musicale et
 multimédia en temps réel. Il permet également de
 gérer des signaux entrants dans l'ordinateur
 (signaux de capteurs ou événements réseau par
 exemple) et de gérer des signaux sortants (par des
 protocoles de réseau ou protocoles électroniques
 pour le pilotage de matériels divers).},
 urldate = {2014-02-14},
 langid = {french},
}

@online{PYTHON,
 title = {Python},
 url = {http://www.python.org/},
 author = {Community, Python},
 urldate = {2014-02-14},
}

@online{PYTHON_DOC,
 title = {Mod\_python - {Apache/Python} integration},
 url = {http://www.modpython.org/},
 author = {Modpython.org},
 urldate = {2014-02-14},
}

@book{REGEXP_COOKBOOK,
 edition = {First},
 title = {Regular Expression Cookbook},
 publisher = {{O'Reilly}},
 author = {Goyvaerts, Jan and Levithan, Steven},
 editor = {Oram, Andy},
 date = {2009-05},
}

@online{_latelelibre.fr_????,
 title = {{LaTéléLibre.fr} » {LA} {LIBRE} {INTERVIEW} {DE} {MICHEL} {ONFRAY}},
 url = {http://www.latelelibre.fr/index.php/2007/11/la-libre-interview-de-michel-onfray/},
 urldate = {2007-12-06},
 keywords = {intellectuel, philosophie, politique},
}

@book{REGEXP_POCKET,
 edition = {Second},
 title = {Regular Expression, Pocket Reference},
 publisher = {{O'Reilly}},
 author = {Stubblebine, Tony},
 editor = {Oram, Andy},
 date = {2007-07},
}

@online{RESEAU_CERTA,
 title = {Réseau {CERTA}},
 url = {http://www.reseaucerta.org},
 author = {Reseaucerta.org},
 urldate = {2014-02-14},
}

@misc{wiki:RFB,
 author = {Wikipédia},
 title = {{RFB} protocol --- Wikipédia{,} l'encyclopédie libre},
 rights = {Creative Commons Attribution-{ShareAlike} License},
 url = {https://en.wikipedia.org/wiki/RFB_protocol},
 abstract = {{RFB} (“remote framebuffer”) is a simple protocol
 for remote access to graphical user
 interfaces. Because it works at the framebuffer
 level it is applicable to all windowing systems and
 applications, including X11, Windows and
 Macintosh. {RFB} is the protocol used in Virtual
 Network Computing ({VNC)} and its derivatives.},
 urldate = {2014-02-14},
 langid = {english},
}

@online{RFC1034,
 title = {{DOMAIN} {NAMES} - {CONCEPTS} {AND} {FACILITIES}},
 url = {http://www.ietf.org/rfc/rfc1034.txt},
 author = {Mockapetris, P.},
 date = 1987,
}

@online{RFC1035,
 title = {{DOMAIN} {NAMES} - {IMPLEMENTATION} {AND}
 {SPECIFICATION}},
 url = {http://www.ietf.org/rfc/rfc1035.txt},
 author = {Mockapetris, P.},
 date = 1987,
}

@online{RFC2045_MIME,
 title = {{RFC} 2045 - Multipurpose Internet Mail Extensions
 ({MIME)} Part One: Format of Internet Message
 Bodies},
 url = {https://tools.ietf.org/html/rfc2045},
 urldate = {2014-06-23},
}

@online{RFC2246_TLS,
 title = {{TLS} - {RFC2246}},
 url = {http://www.ietf.org/rfc/rfc2246.txt},
 urldate = {2014-06-23},
}

@online{RFC790,
 title = {Assigned Numbers in Internet Protocol},
 url = {http://www.ietf.org/rfc/rfc790.txt},
 author = {Postel, Jon},
 date = 1981,
}

@online{RFC791,
 title = {{DARPA} Internet Protocol Specifications},
 url = {http://www.ietf.org/rfc/rfc791.txt},
 author = {California, Information Sciences Institute
 University of Southern},
 date = 1981,
}

@online{RFC793,
 title = {Transmission Control Protocol},
 url = {http://www.ietf.org/rfc/rfc793.txt},
 author = {Postel, Jon},
 urldate = {2014-02-14},
 date = 1981,
}

@online{SECUOBS-SCAPY,
 title = {Trames et paquets de données avec Scapy},
 url = {http://www.secuobs.com/news/01102007-scapy.shtml},
 author = {{POLI}, Xavier},
 urldate = {2014-02-14},
 date = 2007,
}

@misc{wiki:SHA1,
 author = {Wikipédia},
 title = {{SHA-1} --- Wikipédia{,} l'encyclopédie libre},
 rights = {Creative Commons Attribution-{ShareAlike} License},
 url = {http://fr.wikipedia.org/wiki/SHA-1},
 abstract = {{SHA-1} (Secure Hash Algorithm) est une fonction de
 hachage cryptographique conçue par la National
 Security Agency des États-Unis ({NSA)}, et publiée
 par le gouvernement des États-Unis comme un standard
 fédéral de traitement de l'information (Federal
 Information Processing Standard du National
 Institute of Standards and Technology ({NIST)).}
 Elle produit un résultat (appelé « hash » ou
 condensat) de 160 bits.},
 urldate = {2014-02-14},
 langid = {french},
}

@misc{wiki:SHA256,
 author = {Wikipédia},
 title = {{SHA-2} --- Wikipédia{,} l'encyclopédie libre},
 rights = {Creative Commons Attribution-{ShareAlike} License},
 url = {http://fr.wikipedia.org/wiki/SHA-2},
 abstract = {{SHA-2} (Secure Hash Algorithm) est une famille de
 fonction de hachage qui ont été conçues par la
 National Security Agency des États-Unis ({NSA)}, sur
 le modèle des fonctions {SHA-1} et {SHA-0}, elles
 mêmes fortement inspirées de la fonction {MD4} de
 Ron Rivest (qui a donné parallèlement {MD5).} Telle
 que décrite par le National Institute of Standards
 and Technology ({NIST)}, elle comporte les
 fonctions, {SHA-256} et {SHA-512} dont les
 algorithmes sont similaires mais opèrent sur des
 tailles de mot différentes (32 bits pour {SHA-256}
 et 64 bits pour {SHA-512)}, {SHA-224} et {SHA-384}
 qui sont essentiellement des versions des
 précédentes dont la sortie est tronquée, et plus
 récemment {SHA-512/256} et {SHA-512/224} qui sont
 des versions tronquées de {SHA-512.} Le dernier
 suffixe indique le nombre de bits du haché.},
 urldate = {2014-02-14},
 langid = {french},
}

@misc{wiki:SONMUSICAL,
 author = {Wikipédia},
 title = {Acoustique musicale --- Wikipédia{,} l'encyclopédie libre},
 rights = {Creative Commons Attribution-{ShareAlike} License},
 url = {http://fr.wikipedia.org/wiki/Acoustique_musicale},
 abstract = {L'acoustique musicale est le domaine de l'acoustique
 consacré à l'étude des sons musicaux, dans leur mode
 de production par les instruments de musique et la
 voix.},
 urldate = {2014-02-14},
 langid = {french},
}

@misc{wiki:SONPHYSIQUE,
 author = {Wikipédia},
 title = {Son (physique) --- Wikipédia{,} l'encyclopédie libre},
 rights = {Creative Commons Attribution-{ShareAlike} License},
 url = {http://fr.wikipedia.org/wiki/Son_(physique)},
 abstract = {Le son est une vibration mécanique d'un fluide, qui
 se propage sous forme d'ondes longitudinales grâce à
 la déformation élastique de ce fluide. Les êtres
 humains, comme beaucoup d'animaux, perçoivent cette
 vibration grâce au sens de l'ouïe.},
 urldate = {2014-02-14},
 langid = {french},
}

@misc{wiki:SSH,
 author = {Wikipédia},
 title = {Secure Shell --- Wikipédia{,} l'encyclopédie libre},
 rights = {Creative Commons Attribution-{ShareAlike} License},
 url = {http://fr.wikipedia.org/wiki/Secure_Shell},
 abstract = {Secure Shell ({SSH)} est à la fois un programme
 informatique et un protocole de communication
 sécurisé. Le protocole de connexion impose un
 échange de clés de chiffrement en début de
 connexion. Par la suite, tous les segments {TCP}
 sont authentifiés et chiffrés. Il devient donc
 impossible d'utiliser un sniffer pour voir ce que
 fait l'utilisateur.},
 urldate = {2014-02-14},
 langid = {french},
}

@online{SSI_GOUV,
 title = {Serveur Thématique Sécurité des Systèmes
 {d'Information}},
 url = {http://www.ssi.gouv.fr/},
 author = {Nationale, Secrétariat Général de la Défense},
 urldate = {2014-02-14},
}

@online{SUBVERSION,
 title = {Subversion},
 url = {http://subversion.tigris.org/},
 author = {Tigris.org},
 urldate = {2014-02-14},
}

@book{SVN_BOOK,
 title = {Version Control with Subversion},
 url = {http://svnbook.red-bean.com/},
 number = {0-596-00448-6},
 publisher = {{O'Reilly}},
 author = {{COLLINS-SUSSMAN}, Ben and {FITZPATRICK}, Brian
 W. and {PILATO}, C. Michael},
 date = 2004,
}

@book{SVN_PRAGMA,
 title = {Pragmatic Version Control using Subversion},
 series = {0-9745140-6-3},
 number = {0-9745140-6-3},
 publisher = {Pragmatic Programmers},
 author = {{MASON}, Mike},
 date = 2005,
}

@online{SVN_SVK,
 title = {{SVK}},
 url = {http://articles.mongueurs.net/magazines/linuxmag94.html},
 author = {{CHUCHE}, Nicolas},
 urldate = {2014-02-14},
 date = {2007-05},
}

@misc{wiki:SYSTEM_BIBIBINAIRE,
 author = {Wikipédia},
 title = {Système Bibi-binaire --- Wikipédia{,} l'encyclopédie libre},
 rights = {Creative Commons Attribution-{ShareAlike} License},
 url = {http://fr.wikipedia.org/wiki/Syst%C3%A8me_Bibi-binaire},
 urldate = {2014-02-14},
 langid = {french},
}

@misc{wiki:SYSTEM_BINAIRE,
 author = {Wikipédia},
 title = {Système binaire --- Wikipédia{,} l'encyclopédie libre},
 rights = {Creative Commons Attribution-{ShareAlike} License},
 url = {http://fr.wikipedia.org/wiki/Syst%C3%A8me_binaire},
 urldate = {2014-02-14},
 langid = {french},
}

@misc{wiki:SYSTEM_DECIMAL,
 author = {Wikipédia},
 title = {Système décimal --- Wikipédia{,} l'encyclopédie libre},
 rights = {Creative Commons Attribution-{ShareAlike} License},
 url = {http://fr.wikipedia.org/wiki/Syst%C3%A8me_d%C3%A9cimal},
 urldate = {2014-02-14},
 langid = {french},
}

@misc{wiki:SYSTEM_HEXADECIMAL,
 author = {Wikipédia},
 title = {Système hexadécimal --- Wikipédia{,} l'encyclopédie libre},
 rights = {Creative Commons Attribution-{ShareAlike} License},
 url = {http://fr.wikipedia.org/wiki/Syst%C3%A8me_hexad%C3%A9cimal},
 urldate = {2014-02-14},
 langid = {french},
}

@misc{wiki:SYSTEM_OCTAL,
 author = {Wikipédia},
 title = {Système octal --- Wikipédia{,} l'encyclopédie libre},
 rights = {Creative Commons Attribution-{ShareAlike} License},
 url = {http://fr.wikipedia.org/wiki/Syst%C3%A8me_octal},
 urldate = {2014-02-14},
 langid = {french},
}

@book{SecuriteInfoEtReseau,
 edition = {2nd},
 title = {Sécurité Informatique et Réseaux},
 publisher = {Dunod},
 author = {{GHERNAOUTI-HELIE}, Solange},
 date = 2008,
}

@book{TANENBAUMSYSEXP,
 title = {Systèmes d'exploitation},
 publisher = {Pearson},
 author = {{TANENBAUM}, Andrew},
 date = 2008,
}

@misc{wiki:TRANSMETA_CRUSOE_128,
 author = {Wikipédia},
 title = {Crusoe --- Wikipédia{,} l'encyclopédie libre},
 rights = {Creative Commons Attribution-{ShareAlike} License},
 url = {http://fr.wikipedia.org/wiki/Crusoe},
 urldate = {2014-02-14},
 langid = {french},
}

@misc{wiki:TRANSMETA_EFFICEON_256,
 author = {Wikipédia},
 title = {Efficeon --- Wikipédia{,} l'encyclopédie libre},
 rights = {Creative Commons Attribution-{ShareAlike} License},
 url = {http://fr.wikipedia.org/wiki/Efficeon},
 abstract = {{L'Efficeon} est un microprocesseur produit par la
 société Transmeta. Il est apparu sur le marché
 ({TM8600)} en octobre 2003, et équipe le portable
 Actius {MM20} de Sharp sorti en avril 2004.},
 urldate = {2014-02-14},
 langid = {french},
}

@misc{wiki:TUNNEL,
 author = {Wikipédia},
 title = {Tunnel (réseau informatique) --- Wikipédia{,} l'encyclopédie libre},
 rights = {Creative Commons Attribution-{ShareAlike} License},
 url = {http://fr.wikipedia.org/wiki/Tunnel_(r%C3%A9seau_informatique)},
 abstract = {Un tunnel, dans le contexte de réseaux
 informatiques, est une encapsulation de données d'un
 protocole réseau dans un autre, situé dans la même
 couche du modèle en couches, ou dans une couche de
 niveau supérieur.},
 urldate = {2014-02-14},
 langid = {french},
}

@misc{wiki:VALEUR_ABSOLUE,
 author = {Wikipédia},
 title = {Valeur absolue --- Wikipédia{,} l'encyclopédie libre},
 rights = {Creative Commons Attribution-{ShareAlike} License},
 url = {http://fr.wikipedia.org/wiki/Valeur_absolue},
 abstract = {En mathématiques, la valeur absolue (parfois appelée
 module) d'un nombre réel est sa valeur numérique
 sans tenir compte de son signe.},
 urldate = {2014-02-14},
 langid = {french},
}

@misc{wiki:VCS,
 author = {Wikipédia},
 title = {Logiciel de gestion de versions --- Wikipédia{,} l'encyclopédie libre},
 rights = {Creative Commons Attribution-{ShareAlike} License},
 url = {http://fr.wikipedxia.org/Logiciel_de_gestion_de_versions},
 abstract = {Un logiciel de gestion de versions (ou {VCS} en
 anglais, pour Version Control System) est un
 logiciel qui permet de stocker un ensemble de
 fichiers en conservant la chronologie de toutes les
 modifications qui ont été effectuées dessus. Il
 permet notamment de retrouver les différentes
 versions d'un lot de fichiers connexes.},
 urldate = {2014-02-14},
 langid = {french},
}

@inreference{WIKIPEDIA,
 title = {Wikipédia --- Wikipédia{,} l'encyclopédie libre},
 rights = {Creative Commons Attribution-{ShareAlike} License},
 url = {http://fr.wikipedia.org/wiki/},
 langid = {french},
}

@inreference{WIRTH,
 title = {Niklaus Wirth --- Wikipédia{,} l'encyclopédie libre},
 rights = {Creative Commons Attribution-{ShareAlike} License},
 url = {http://fr.wikipedia.org/wiki/Niklaus_Wirth},
 abstract = {Niklaus Emil Wirth, professeur d'informatique,
 inventeur de plusieurs langages de programmation,
 est né le 15 février 1934, à Winterthour (Suisse).},
 urldate = {2014-02-14},
 date = {2014-02-11},
 langid = {french},
}

@online{_desmume_????,
 title = {{DeSmuME} » Downloads},
 url = {http://desmume.org/downloads},
 urldate = {2007-09-25},
 keywords = {development, emulation, nds},
}

@online{WRITE_4_GAS,
 title = {Aide à la syntaxe d'écriture du langage d'assemblage
 {GAS}},
 url = {http://en.wikibooks.org/wiki/X86_Assembly/GAS_Syntax},
 author = {{WikiBooks}},
 date = 2007,
}

@misc{wiki:X509,
 author = {Wikipédia},
 title = {X.509 --- Wikipédia{,} l'encyclopédie libre},
 rights = {Creative Commons Attribution-{ShareAlike} License},
 url = {http://en.wikipedia.org/wiki/X.509},
 abstract = {In cryptography, X.509 is an {ITU-T} standard for a
 public key infrastructure ({PKI)} and Privilege
 Management Infrastructure ({PMI).} X.509 specifies,
 amongst other things, standard formats for public
 key certificates, certificate revocation lists,
 attribute certificates, and a certification path
 validation algorithm.},
 urldate = {2014-02-14},
 langid = {english},
}

@article{XMLCATALYSEUR,
 title = {{XML}, Catalyseur de succès pour la {GED}},
 pages = {19-28},
 journaltitle = {Le Monde Informatique},
 author = {Informatique, Le Monde},
 date = {2003-03-14},
}

@online{XML_NAMESPACE,
 title = {Namespaces in {XML} 1.0},
 url = {http://www.w3.org/TR/REC-xml-names/},
 author = {{W3C.org}},
 urldate = {2014-02-14},
 date = {2009-12},
}

@online{XML_SCHEMA,
 title = {{XML} Schema},
 url = {http://xmlfr.org/w3c/TR/xmlschema-0/},
 author = {{W3C.org}},
 urldate = {2014-02-14},
 date = {2001-05},
}

@online{XML_SECURITY,
 title = {{XML} Signature Syntax and Processing - Security},
 url = {http://www.w3.org/TR/xmldsig-core/},
 author = {{W3C.org}},
 urldate = {2014-02-14},
 date = {2008-06},
}

@online{XML_W3C,
 title = {L'ensemble d'information {XML}},
 url = {http://www.a525g.com/programmation/xml-infoset.htm},
 author = {{COWAN}, John and {TOBIN}, Richard and {BILODEAU},
 Sylvain},
 urldate = {2014-02-14},
 date = {2001-10},
}

@misc{wiki:XML,
 author = {Wikipédia},
 title = {Extensible Markup Language --- Wikipédia{,} l'encyclopédie libre},
 rights = {Creative Commons Attribution-{ShareAlike} License},
 url = {http://fr.wikipedia.org/wiki/Extensible_Markup_Language},
 abstract = {{L'Extensible} Markup Language ({XML[note} 1], «
 langage de balisage extensible » en français) est un
 langage informatique de balisage générique qui
 dérive du {SGML.} Cette syntaxe est dite «
 extensible » car elle permet de définir différents
 espaces de noms, c'est-à-dire des langages avec
 chacun leur vocabulaire et leur grammaire, comme
 {XHTML}, {XSLT}, {RSS}, {SVG…} Elle est
 reconnaissable par son usage des chevrons
 ({\textless} {\textgreater}) encadrant les
 balises. L'objectif initial est de faciliter
 l'échange automatisé de contenus complexes (arbres,
 texte riche…) entre systèmes d'informations
 hétérogènes (interopérabilité). Avec ses outils et
 langages associés une application {XML} respecte
 généralement certains principes :},
 urldate = {2014-02-14},
 langid = {french},
}

@online{XML_XPATH,
 title = {{XML} Path Language ({XPath)}},
 url = {http://www.w3.org/TR/xpath/},
 author = {{W3C.org}},
 urldate = {2014-02-14},
 date = {1999-11},
}

@online{XML_XSLT,
 title = {{XSL} Transformations ({XSLT)}},
 url = {http://www.w3.org/TR/xslt},
 author = {{W3C.org}},
 urldate = {2014-02-14},
 date = {1999-11},
}

@misc{wiki:X,
 author = {Wikipédia},
 title = {X Window System --- Wikipédia{,} l'encyclopédie libre},
 rights = {Creative Commons Attribution-{ShareAlike} License},
 url = {https://en.wikipedia.org/wiki/X_Window_System},
 abstract = {In computing, the X Window System (X11, X, and
 sometimes informally X-Windows) is a windowing
 system for bitmap displays, common on {UNIX-like}
 operating systems.},
 urldate = {2014-02-14},
 langid = {english},
}

@misc{wiki:ZILOG_Z8000,
 author = {Wikipédia},
 title = {Zilog Z8000 --- Wikipédia{,} l'encyclopédie libre},
 rights = {Creative Commons Attribution-{ShareAlike} License},
 url = {http://fr.wikipedia.org/wiki/Zilog_Z8000},
 abstract = {Le Z8000 est le microprocesseur 16 bits lancé par la
 société Zilog en 1979.},
 urldate = {2014-02-14},
 langid = {french},
}

@online{theHackersChoice,
 title = {the hacker's choice - {THC}},
 url = {http://freeworld.thc.org/},
 urldate = {2010-06-22},
 keywords = {enseignement, exploits, network, sécurité, tools},
}

@online{10MinutesMail,
 title = {10 Minutes Mail},
 url = {http://10minutemail.com/},
 urldate = {2013-04-21},
 keywords = {mail enseignement},
}

@online{uDMX,
 title = {{uDMX} - tiny bus powered {USB-DMX} interface},
 url = {http://www.anyma.ch/research/udmx/},
 urldate = {2011-05-05},
 keywords = {dmx, hardware, opensource, puredata, tools},
}

@online{devillers_sommes-nous-libres,
 title = {Sommes-nous libres ?},
 url = {http://mapage.noos.fr/philosophie/philo/philo/cours/liberte/Cours_de_philosophie_sur_la_libert%E9.html},
 author = {{DEVILLERS}, Jean-François},
 urldate = {2014-02-14},
}

@book{petit_architecture_2006,
 location = {Paris},
 title = {Architecture des réseaux: cours et exercices
 corrigés},
 isbn = 9782729828776,
 publisher = {Ellipses Ed. Marketing},
 author = {Petit, Bertrand},
 date = 2006,
 keywords = {enseignement, réseau, si1, si2},
}

@misc{wang_how_2005,
 title = {How to Break {MD5} and Other Hash Functions},
 url = {http://merlot.usc.edu/csac-f06/papers/Wang05a.pdf},
 author = {Wang, Xiaoyun and Yu, Hongbo},
 urldate = {2014-06-23},
 date = 2005,
}

@online{SCAPYOFFICIALDOCUMENTATION,
title = {Documentation officielle SCAPY},
url = {http://www.secdev.org/projects/scapy/doc/},
urldate = {2014-11-24},
}

@online{doxygen,
 title = {Doxygen: Main Page},
 url = {http://www.stack.nl/~dimitri/doxygen/index.html},
 urldate = {2015-01-30},
 keywords = {documentation, doxygen, enseignement},
}

@online{doxywizard,
 title = {Doxygen Manual: Doxywizard usage},
 url = {http://www.stack.nl/~dimitri/doxygen/manual/doxywizard_usage.html},
 urldate = {2015-01-30},
 keywords = {documentation, doxygen, doxywizard, enseignement},
}

@misc{wiki:documentation,
 author = {Wikipédia},
 title = {Documentation logicielle --- Wikipédia{,} l'encyclopédie libre},
 rights = {Creative Commons Attribution-{ShareAlike} License},
 url = {https://fr.wikipedia.org/wiki/Documentation_logicielle},
 abstract = {La documentation logicielle est un texte écrit qui
 accompagne le logiciel informatique. Elle explique
 comment le logiciel fonctionne, et/ou comment on
 doit l'employer. Le terme peut avoir des
 significations différentes pour des personnes de
 différents profils.},
 urldate = {2015-01-30},
 langid = {french},
 keywords = {documentation, enseignement},
}

@misc{wiki:chiffrement.asymetrique,
 author = {Wikipédia},
 title = {Chiffrement Asymétrique --- Wikipédia{,} l'encyclopédie libre},
 rights = {Creative Commons Attribution-{ShareAlike} License},
 url = {https://fr.wikipedia.org/wiki/Cryptographie_asym\%C3\%A9trique},
}

@online{QTCREATOR_MANUAL,
 title = {Qt Creator Manual},
 url = {http://doc.qt.io/qtcreator/index.html},
 urldate = {2015-02-24},
 keywords = {c++, manual, qt, qtcreator},
}

@online{CASTEYDE,
 title = {Méga Cours de C++},
 url = {http://casteyde.christian.free.fr/cpp/cours/},
 urldate = {2015-10-15},
}

@online{gnuMake,
	title = {{GNU} make},
	url = {https://www.gnu.org/software/make/manual/make.html},
	urldate = {2019-09-22},
	keywords = {development, gnu, programmation, make, makefile, construction, build},
}

@online{programLibraryHOWTO,
	title = {Program Library {HOWTO}},
	url = {http://www.dwheeler.com/program-library/},
	urldate = {2015-08-31}
}

